<record><leader>00000cas a22000007a 4500</leader><controlfield tag="001">43625273</controlfield><controlfield tag="008">000314d19431946vauwn ne      0    0eng d</controlfield><datafield ind1=" " ind2=" " tag="010"><subfield code="a">sn 00064414 </subfield></datafield><datafield ind1=" " ind2=" " tag="040"><subfield code="a">NVK</subfield><subfield code="b">eng</subfield><subfield code="c">NVK</subfield><subfield code="d">OCLCF</subfield><subfield code="d">OCLCO</subfield></datafield><datafield ind1="1" ind2=" " tag="029"><subfield code="a">AU@</subfield><subfield code="b">000021431241</subfield></datafield><datafield ind1=" " ind2=" " tag="042"><subfield code="a">msc</subfield></datafield><datafield ind1="0" ind2=" " tag="130"><subfield code="a">Columns (Lexington, Va. : 1943)</subfield></datafield><datafield ind1="0" ind2="4" tag="245"><subfield code="a">The Columns.</subfield></datafield><datafield ind1=" " ind2=" " tag="260"><subfield code="a">Lexington, Va. :</subfield><subfield code="b">[s.n.],</subfield><subfield code="c">1943-1946.</subfield></datafield><datafield ind1=" " ind2=" " tag="300"><subfield code="a">v.</subfield></datafield><datafield ind1=" " ind2=" " tag="310"><subfield code="a">Weekly (during school year)</subfield></datafield><datafield ind1="0" ind2=" " tag="362"><subfield code="a">Vol. 1, no. 1 (Sept. 24, 1943)-v.3, no. 36 (Aug. 23, 1946).</subfield></datafield><datafield ind1=" " ind2=" " tag="530"><subfield code="a">Available on microfilm from Preservation Resources.</subfield></datafield><datafield ind1=" " ind2=" " tag="550"><subfield code="a">Published by the students of Washington and Lee University.</subfield></datafield><datafield ind1=" " ind2=" " tag="580"><subfield code="a">The Columns was published from 1943-1946 during suspension of Ring-tum phi during World War II.</subfield></datafield><datafield ind1="2" ind2="0" tag="610"><subfield code="a">Washington and Lee University</subfield><subfield code="v">Newspapers.</subfield></datafield><datafield ind1=" " ind2="0" tag="651"><subfield code="a">Lexington (Va.)</subfield><subfield code="v">Newspapers.</subfield></datafield><datafield ind1=" " ind2="7" tag="655"><subfield code="a">Newspapers.</subfield><subfield code="2">fast</subfield><subfield code="0">(OCoLC)fst01423814</subfield></datafield><datafield ind1="2" ind2="7" tag="610"><subfield code="a">Washington and Lee University.</subfield><subfield code="2">fast</subfield><subfield code="0">(OCoLC)fst00532101</subfield></datafield><datafield ind1=" " ind2="7" tag="651"><subfield code="a">Virginia</subfield><subfield code="z">Lexington.</subfield><subfield code="2">fast</subfield><subfield code="0">(OCoLC)fst01205029</subfield></datafield><datafield ind1="2" ind2=" " tag="710"><subfield code="a">Washington and Lee University.</subfield></datafield><datafield ind1=" " ind2=" " tag="752"><subfield code="a">United States</subfield><subfield code="b">Virginia</subfield><subfield code="d">Lexington.</subfield></datafield><datafield ind1="1" ind2=" " tag="787"><subfield code="t">Ring-tum phi</subfield><subfield code="w">(DLC)sn 96096553</subfield></datafield></record>